
% This is an example of a string: this is the way you do variables in BiBTex
% @string{variable_name="string the variable_name refers to"}
@string{aij= "Artificial Intelligence"}

@MISC{Scrum,
author = {{Scrum Alliance Inc.}},
title = {{Scrum Is an Innovative Approach to Getting Work Done}},
howpublished={\url{http://scrumalliance.org/pages/what_is_scrum}},
note={Accessed November 2012},
annote={A succinct description of the Scrum framework of Agile software development practices.}
}

@MISC{pairprg,
author = {James Shore},
title = {{The Art of Agile Development}},
howpublished={\url{http://www.jamesshore.com/Agile-Book/pair_programming.html}},
month = Feb,
year = {2010},
note={Accessed November 2012},
annote={The online edition of a famous work (book) on Agile Development. This section focuses on and provides a good description of Pair Programming, an Agile software development practice.}
}

@MISC{waterfall,
author = {{The Smart Method Ltd}},
title = {{The Waterfall Development Methodology}},
howpublished={\url{http://www.learnaccessvba.com/application_development/waterfall_method.htm}},
note={Accessed November 2012},
annote={A brief explanation of the Waterfall software development methodology. Also (briefly) compares Waterfall to Agile approaches.}
}

@MISC{stories,
author = {{Scott Ambler + Associates}},
title = {{Introduction to User Stories}},
howpublished={\url{http://www.agilemodeling.com/artifacts/userStory.htm}},
note={Accessed November 2012},
annote={A explanation of what ``stories'' or ``user stories'' are when the term is used in the context of Agile approaches to software development.}
}

@MISC{vmodel,
author = {{SoftDevTeam}},
title = {{V-shaped lifecycle model}},
howpublished={\url{http://www.softdevteam.com/V-shaped-lifecycle.asp}},
note={Accessed November 2012},
annote={Explains the V-shaped software development lifecycle model. Also has a nice succinct summary of advantages and disadvantages compared to other models (mostly Waterfall) which seems to fit previous knowledge I have of this model from less reliable sources such as Wikipedia and more reliable ones such as the teaching accompanying my Computer Science degree at Aberystwyth University.}
}

@MISC{wmodel,
author = {{Gerrard Consulting}},
title = {{The W-Model}},
howpublished={\url{http://www.gerrardconsulting.com/?q=node/531}},
note={Accessed November 2012},
annote={Explains the W software development lifecycle model and how it follows on from (or has evolved from) the V-model. This model could also be referred to as the double-V model.}
}

@MISC{spiral-model,
author = {Osman Balci and William S. Gilley and Robin J. Adams and Emre Tunar and N. Dwight Barnette},
title = {{The Spiral Model}},
howpublished={\url{http://courses.cs.vt.edu/csonline/SE/Lessons/Spiral/index.html}},
note={Accessed November 2012},
annote={A textbook section-length explanation of the Spiral software development model with a graphic visualisation and a table enumerating the various artefacts of the model. Although this an online educational resource from an academic institution, there is no publication date available for the project itself or the section on the Spiral model.}
}

@MISC{fdd,
author = {Stephen Palmer},
title = {{An Introduction to Feature-Driven Development}},
howpublished={\url{http://agile.dzone.com/articles/introduction-feature-driven}},
month = Nov,
year = {2009},
note={Accessed November 2012},
annote={A good introductory overview of what the Feature-Driven software development methodology is about, why it is considered an Agile methodology and when it is applicable (it evolved as an Agile approach for larger projects).}
}

@MISC{okfn-vision,
author = {{Open Knowledge Foundation}},
title = {{Our Vision / We Believe in the Power of Openness}},
howpublished={\url{http://okfn.org/about/vision/}},
note={Accessed November 2012},
annote={Notes on the Open Knowledge Foundation's vision of how openness can be beneficial for society (meaning all of current human civilisation).}
}

@MISC{agile-manifesto,
author = {Kent Beck and Mike Beedle and Arie van Bennekum and Alistair Cockburn and Ward Cunningham and Martin Fowler and James Grenning and Jim Highsmith and Andrew Hunt and Ron Jeffries and Jon Kern and Brian Marick and Robert C. Martin and Steve Mellor and Ken Schwaber and Jeff Sutherland and Dave Thomas},
title = {{Manifesto for Agile Software Development}},
howpublished={\url{http://agilemanifesto.org/}},
note={Accessed November 2012},
annote={A succinct set of statements enumerating the core values behind the Agile software development collection of approaches to software development.}
}

@MISC{pm,
author = {Emanuil Tolev},
title = {{PivotalTracker - FundFind}},
howpublished={\url{https://www.pivotaltracker.com/projects/688967}},
month=Nov,
year={2012},
note={Accessed April 2013},
annote={Publicly visible project management for the software component of this project. By default, it will show what the author is currently working on and what is in the backlog. Click on ``Icebox'' (in the top left-hand corner of the web page, next to the ``CURRENT'' and ``BACKLOG'' links) to see all recorded user stories and chores for getting the project done. Stories in the Icebox are ordered in descending order in terms of priority, i.e. the more important ones according to aggregated user opinion are at the top.}
}

@MISC{github,
author = {{GitHub Inc}},
title = {{GitHub - Homepage}},
howpublished={\url{https://github.com/}},
note={Accessed November 2012},
annote={Currently popular decentralised version control system, usually used for software source code (but suitable for any artefacts although less suitable for binary formats or large files).}
}

@MISC{xp-lifecycle,
author = {{Don Wells}},
title = {{Extreme Programming Project}},
howpublished={\url{http://www.extremeprogramming.org/map/project.html}},
note={Accessed November 2012},
annote={A diagram showcasing the Extreme Programming (Agile software development practice) project lifecycle. Different sections of the diagram provide links to more detailed explanations of the various parts of the project lifecycle.}
}

@MISC{bdd,
author = {{Various authors}},
title = {{Behaviour-Driven Development}},
howpublished={\url{http://behaviour-driven.org/}},
month=Jan,
year={2009},
note={Accessed November 2012},
annote={A description of Behaviour-Driven Development. This is a Wiki-style web resource, so the year and month of publication are taken from the last edited date and may change by the time the reader accesses this resource.}
}

@MISC{fibonacci,
author = {{Ron Knott}},
title = {{Fibonacci Numbers and the Golden Section}},
howpublished={\url{http://www.maths.surrey.ac.uk/hosted-sites/R.Knott/Fibonacci/fib.html}},
month=Jun,
year={2012},
note={Accessed November 2012},
annote={An explanation of the Fibonacci number sequence and related mathematical concepts. The Fibonacci sequence is being used as the complexity estimate for each user story in this Agile-managed project.}
}

@MISC{json-vs-xml,
author = {{Various}},
title = {{What are the pros and cons of XML and JSON?}},
howpublished={\url{http://stackoverflow.com/questions/3536893/what-are-the-pros-and-cons-of-xml-and-json}},
note={Accessed November 2012},
annote={A discussion on why / how JSON maps better to intuitive human understanding of the world than XML does and why this is important for a data representation format.}
}

@MISC{catb,
author = {{Eric S. Raymond}},
title = {{The Cathedral and the Bazaar}},
howpublished={\url{http://www.catb.org/~esr/writings/cathedral-bazaar/cathedral-bazaar/}},
month=Sep,
year={2000},
note={Accessed November 2012},
annote={A discussion on why / how JSON maps better to intuitive human understanding of the world than XML does and why this is important for a data representation format.}
}

@MISC{guardian-ukgov-oa2014,
author = {{Ian Sample}},
title = {{Free access to British scientific research within two years}},
howpublished={\url{http://www.guardian.co.uk/science/2012/jul/15/free-access-british-scientific-research}},
month=Jul,
year={2012},
note={Accessed April 2013},
annote={An article in the electronic edition in the Guardian newspaper detailing the UK Government's policy on Open Access publications in 2014.}
}

@MISC{open-uk-gov-data,
author = {{UK Government - Unknown individual name}},
title = {{DATA.GOV.UK - OPENING UP GOVERNMENT}},
howpublished={\url{http://data.gov.uk/}},
month=Jul,
year={2012},
note={Accessed November 2012},
annote={The UK Government Open Data portal containing various datasets released under Open licences.}
}

@MISC{guardian-finch,
author = {{Alok Jha}},
title = {{Open access is the future of academic publishing, says Finch report}},
howpublished={\url{http://www.guardian.co.uk/science/2012/jun/19/open-access-academic-publishing-finch-report}},
month=Jun,
year={2012},
note={Accessed November 2012},
annote={A Guardian article describing the Finch report which looked into Open Access and its benefits for academic publishing and society at large.}
}

@MISC{finch,
author = {{Various (a UK Government Working Group), chaired by Dame Janet Finch}},
title = {{Accessibility, sustainability, excellence: how to expand 
access to research publications}},
howpublished={\url{http://www.researchinfonet.org/wp-content/uploads/2012/06/Finch-Group-report-FINAL-VERSION.pdf}},
month=Jun,
year={2012},
note={Accessed November 2012},
annote={The Finch report - looked into Open Access and its benefits for academic publishing and society at large, commisioned by the UK Government.}
}

@MISC{wellcome-oa,
author = {{Craig Brierley}},
title = {{Wellcome Trust strengthens its open access policy}},
howpublished={\url{http://www.wellcome.ac.uk/News/Media-office/Press-releases/2012/WTVM055745.htm}},
month=Jun,
year={2012},
note={Accessed November 2012},
annote={A press release by the Wellcome Trust stating it is strengthening its Open Access policy and related punishment for breaking the terms of the policy, as well as linking to a full version of the policy.}
}

@MISC{rcuk-home,
author = {{Research Councils UK}},
title = {{Welcome to Research Councils UK - Excellence with Impact}},
howpublished={\url{http://www.rcuk.ac.uk/Pages/Home.aspx}},
note={Accessed November 2012},
annote={The home page of Research Councils UK.}
}

@MISC{od,
author = {{Open Knowledge Foundation}},
title = {{Open Definition v.1.1}},
howpublished={\url{http://opendefinition.org/okd/}},
note={Accessed April 2013},
annote={The Open Definition - defines what ``open'' is in relation to content and data.}
}

@MISC{okfn-labs,
author = {{Open Knowledge Foundation}},
title = {{Open Knowledge Labs creates services and tools that unlock the digital commons for everyone.}},
howpublished={\url{http://okfnlabs.org/}},
note={Accessed November 2012},
annote={The homepage of a collection of sofware projects which have sprung up to support or resulted from the Open Knowledge Foundation's pursuit of spreading the Openness cause in society.}
}

@MISC{okfn-github,
author = {{Open Knowledge Foundation}},
title = {{Open Knowledge Foundation Github Organisation Page}},
howpublished={\url{https://github.com/okfn}},
note={Accessed November 2012},
annote={The homepage of the Open Knowledge Foundation organisation on Github, the currently popular version control system.}
}

@MISC{rcuk-india,
author = {{RCUK}},
title = {{RCUK India - Opportunities provided by UK Research Councils}},
howpublished={\url{http://www.rcuk.ac.uk/international/Offices/OfficeinIndia/Funding/Pages/Home.aspx}},
note={Accessed November 2012},
annote={The root funding page of RCUK / International Office / India.}
}

@MISC{ahrc-opps,
author = {{AHRC}},
title = {{AHRC Funding Opportunities}},
howpublished={\url{http://www.ahrc.ac.uk/Funding-Opportunities/Pages/Funding-Opportunities.aspx}},
note={Accessed November 2012},
annote={The root funding page of AHRC, the Arts and Humanities Research Council.}
}

@MISC{bbsrc-opps,
author = {{BBSRC}},
title = {{BBSRC Research Funding}},
howpublished={\url{http://www.bbsrc.ac.uk/funding/funding-index.aspx}},
note={Accessed November 2012},
annote={The root funding page of BBSRC, the Biotechnology and Biological Sciences Research Council.}
}

@MISC{epsrc-opps,
author = {{EPSRC}},
title = {{EPSRC Research Funding}},
howpublished={\url{http://www.epsrc.ac.uk/funding/Pages/default.aspx}},
note={Accessed November 2012},
annote={The root funding page of EPSRC, the Engineering and Physical Sciences Research Council.}
}

@MISC{au-nhmrc,
author = {{NHMRC / Australian Government}},
title = {{NHMRC research funding datasets 1990 - 2012}},
howpublished={\url{http://www.nhmrc.gov.au/grants/research-funding-statistics-and-data/funding-datasets}},
note={Accessed November 2012},
annote={The NHMRC research funding data for the period 1990 to 2012 covering all new and continuing grants funded and active in that 23 year period.}
}

@MISC{faceted,
author = {{Various authors / Wikipedia}},
title = {{Faceted search}},
howpublished={\url{http://en.wikipedia.org/wiki/Faceted_search}},
note={Accessed November 2012},
annote={The Wikipedia page on faceted search. Would not make much sense to a reader unfamiliar with the topic, but should do with the example in the report body.}
}

@MISC{bootstrap,
author = {{Twitter Inc.}},
title = {{Bootstrap - Sleek, intuitive, and powerful front-end framework for faster and easier web development.}},
howpublished={\url{http://twitter.github.com/bootstrap/}},
note={Accessed November 2012},
annote={The homepage of the Twitter Bootstrap User Interface library.}
}

@MISC{jquery,
author = {{Various authors - an open-source project}},
title = {{jQuery is a new kind of JavaScript Library.}},
howpublished={\url{http://jquery.com/}},
note={Accessed November 2012},
annote={The homepage of the jQuery Javascript and User Interface library.}
}

@MISC{es,
author = {{Various authors - an open-source project}},
title = {{elasticsearch - You know, for Search}},
howpublished={\url{http://www.elasticsearch.org/}},
note={Accessed November 2012},
annote={The homepage of the elasticsearch indexing server.}
}

@MISC{idfind,
author = {{Emanuil Tolev and Cottage Labs LLP}},
title = {{ID Find - an identifier identifier}},
howpublished={\url{http://test.cottagelabs.com/idfind/}},
note={Accessed April 2013},
annote={The current home page and public instance of the IDFind project.}
}

@MISC{idfind-src,
author = {{Emanuil Tolev and Cottage Labs LLP}},
title = {{IDFind - Got an ID? Not sure what it is? What you can do with it? Well, use this!}},
howpublished={\url{https://github.com/CottageLabs/idfind/}},
note={Accessed April 2013},
annote={The version control repository page of the IDFind project. It tries to guess what kind of identifier an unknown string is.}
}

@MISC{facetview,
author = {{Cottage Labs LLP and Open Knowledge Foundation}},
title = {{FacetView - Pure Javascript Frontend for SOLR and ElasticSearch}},
howpublished={\url{http://okfnlabs.org/facetview/}},
note={Accessed November 2012},
annote={Homepage of the Facetview project, a faceted Javascript browser (front-end) to indexing servers such as elasticsearch.}
}

@MISC{flask,
author = {{Various authors - an open-source project}},
title = {{Flask - Web development, one drop at a time}},
howpublished={\url{http://flask.pocoo.org/}},
note={Accessed November 2012},
annote={Homepage of the Flask Python web framework project, helps build RESTful web applications in Python.}
}

@MISC{d3,
author = {{Various authors - an open-source project}},
title = {{D3 - Data-Driven Documents}},
howpublished={\url{http://d3js.org/}},
note={Accessed November 2012},
annote={Homepage of D3.js, a lower-level Javascript graphical visualisation library.}
}

@MISC{bubbletree,
author = {{Open Knowledge Foundation}},
title = {{Radial Bubble Tree Visualization}},
howpublished={\url{https://github.com/okfn/bubbletree}},
note={Accessed November 2012},
annote={Homepage of BubbleTree, a higher-level Javascript graphical visualisation library.}
}

@MISC{wdmmg,
author = {{Open Knowledge Foundation}},
title = {{Where Does My Money Go? - Showing where your taxes get spent - Country \& Regional analysis}},
howpublished={\url{http://wheredoesmymoneygo.org/bubbletree-map.html}},
note={Accessed November 2012},
annote={A BubbleTree visualisation of UK public spending.}
}

@MISC{gmaps,
author = {{Google Inc.}},
title = {{Google Maps}},
howpublished={\url{https://maps.google.co.uk/}},
note={Accessed November 2012},
annote={A geographical mapping service by a commercial company.}
}

@MISC{osm,
author = {{Various authors - an open-source project hosting open data}},
title = {{OpenStreetMap - The Free Wiki World Map}},
howpublished={\url{http://www.openstreetmap.org/}},
note={Accessed November 2012},
annote={An open-source, open data geographical mapping service.}
}

@MISC{calc,
author = {{The Document Foundation}},
title = {{LibreOffice Calc - a Spreadsheet That Meets Any Need}},
howpublished={\url{http://www.libreoffice.org/features/calc/}},
note={Accessed November 2012},
annote={A piece of open-source spreadsheet viewing and editing software, part of the LibreOffice office productivity suite.}
}

@MISC{orefine,
author = {{Various authors - an open-source project}},
title = {{OpenRefine}},
howpublished={\url{https://github.com/OpenRefine/OpenRefine}},
note={Accessed November 2012},
annote={A piece of open-source software for handling large semistructured datasets, making en-masse changes to them and cleaning them up. Used to be the Google Refine project.}
}

@MISC{grefine,
author = {{Google Inc. and various authors - an open-source project}},
title = {{Google Refine, a power tool for working with messy data (formerly Freebase Gridworks)}},
howpublished={\url{http://code.google.com/p/google-refine/}},
note={Accessed November 2012},
annote={A piece of open-source software for handling large semistructured datasets, making en-masse changes to them and cleaning them up. Google has now relinquished control and ownership of the project to the community, it is now the OpenRefine project.}
}

@MISC{recline,
author = {{Open Knowledge Foundation}},
title = {{Recline.js - relax with your data}},
howpublished={\url{http://okfnlabs.org/recline/}},
note={Accessed November 2012},
annote={A library for building applications which handle potentially large amounts of the data and intend to allow and focus on more or less advanced data manipulation.}
}

@MISC{ibm,
author = {{FAST}},
title = {{Organisation Details - IBM UK Research Laboratories}},
howpublished={\url{http://www.fastuk.org/atcommunity/orgview.php?id=3073}},
note={Accessed April 2013},
annote={"The Foundation for Assistive Technology was founded in 1998 to tackle the inadequate design of assistive technology products and services." This listing of IBM as a "source of funding" in their R\&D section seemed as an appropriate reference to IBM Research UK as a commercial R\&D vendor in the context of the project.}
}

@MISC{jisc,
author = {{Jisc}},
title = {{Jisc - We are the UK's expert on information and digital technologies for education and research}},
howpublished={\url{http://www.jisc.ac.uk/}},
note={Accessed April 2013},
annote={A UK governmental institution focused on enhancing the usage of digital technology in education and research in the UK.}
}

@MISC{wellcome-trust,
author = {{Wellcome Trust}},
title = {{Wellcome Trust - We are a global charitable foundation dedicated to achieving extraordinary improvements in health by supporting the brightest minds.}},
howpublished={\url{http://www.wellcome.ac.uk/}},
note={Accessed November 2012},
annote={The homepage of a global charitable foundation which funds lots of scholarly activities in a variety of areas.}
}

@MISC{shuttleworth-foundation,
author = {{Shuttleworth Foundation}},
title = {{Shuttleworth Foundation - Supporting exceptional people to change the world}},
howpublished={\url{http://www.shuttleworthfoundation.org/}},
note={Accessed November 2012},
annote={The homepage of a global charitable foundation which funds individuals with its scholarships and then multiplies the money they invest in projects which aim to bring about social change for the better.}
}

@MISC{knight-foundation,
author = {{Knight Foundation}},
title = {{Knight Foundation - Informed \& Engaged Communities}},
howpublished={\url{http://www.knightfoundation.org/}},
note={Accessed November 2012},
annote={The homepage of a global charitable foundation which supports (financially and otherwise) ideas that aim to change the world. They are particularly interested in quality journalism, media innovation, engaging the various communities around the world / in society and in fostering the arts.}
}

@MISC{cl,
author = {{Cottage Labs LLP}},
title = {{cottage labs - we don't sell products, we trade our skills}},
howpublished={\url{http://cottagelabs.com/}},
note={Accessed November 2012},
annote={The homepage of a partnership of freelance software developers working together to produce open source software for the benefit of Higher Education and commercial companies around the world. Dedicated to Open Knowledge and Open Scholarship.}
}

@MISC{selenium,
author = {{Various authors - an open-source project}},
title = {{SeleniumHQ - Web application testing system}},
howpublished={\url{http://seleniumhq.org/}},
note={Accessed November 2012},
annote={The homepage of an open-source software project which enables the automation of web browsers and other testing techniques for the purposes of testing web applications.}
}

@MISC{ci,
author = {{Martin Fowler}},
title = {{Continuous Integration}},
howpublished={\url{http://martinfowler.com/articles/continuousIntegration.html}},
month=May,
year={2006},
note={Accessed November 2012},
annote={An article describing the principle of Continuous Integration in software development and illustrating why a developer or a development team might consider adopting this practice.}
}

@MISC{jenkins,
author = {{Various authors - an open-source project}},
title = {{Jenkins - An extendable open source continuous integration server}},
howpublished={\url{http://jenkins-ci.org/}},
note={Accessed November 2012},
annote={Homepage of the Jenkins Continuous Integration server, a tool which helps a developer or a team of developers practice the Continuous Integration software development principle.}
}

@MISC{browshot,
author = {{Browshot}},
title = {{Browshot - Powerful web screenshots}},
howpublished={\url{https://browshot.com/}},
note={Accessed November 2012},
annote={Homepage of the Browshot service. This allows a developer to make screenshots of web pages in any screen size, as any device including Personal Computers and mobile devices, in a variety of resolutions.}
}

@MISC{cucumber,
author = {{Aslak Hellesoy}},
title = {{Cucumber - Making BDD fun}},
howpublished={\url{https://cukes.info/}},
note={Accessed April 2013},
annote={Cucumber is a system for Behaviour-Driven Development, which was considered as one of the options for development methodologies for this project.}
}

@MISC{hifi-api,
author = {{Kris Jordan}},
title = {{First we built an API, then we built a CMS}},
howpublished={\url{http://www.gethifi.com/blog/first-we-built-an-api-then-we-built-a-cms}},
month=Dec,
year={2010},
note={Accessed April 2013},
annote={An article by a HiFi company developer detailing why they built their Application Programming Interface first, right from the start.}
}

@MISC{gow,
author = {{Engineering and Physical Sciences Research Council}},
title = {{Grants on the Web}},
howpublished={\url{http://gow.epsrc.ac.uk/NGBODefault.aspx}},
note={Accessed April 2013},
annote={This is a service on the web run by EPSRC UK which provides information about research, training and public engagement grants. Essentially, it provides historical information about what was funded and has some nice functionality, such as breakdown by field funded, number of funded proposals within that field and several simple quarterly statistics.}
}

@MISC{epsrc-rss,
author = {{Engineering and Physical Sciences Research Council}},
title = {{EPSRC Open Calls RSS Feed}},
howpublished={\url{http://www.epsrc.ac.uk/funding/calls/open/pages/rss2.aspx}},
note={Accessed April 2013},
annote={A machine-readable RSS feed of current funding opportunities at the EPSRC, one of the UK Research Councils.}
}

@MISC{so-python-import,
author = {{Various Authors}},
title = {{Search stackoverflow - python import}},
howpublished={\url{http://stackoverflow.com/search?q=python+import}},
note={Accessed April 2013},
annote={A search on programming Questions and Answers website stackoverflow.com showing questions related to importing modules in Python. Too many questions - which is the point. There seems to be some cognitive barrier not allowing people to understand various basic and more advanced concepts of the Python dynamic import system.}
}

@MISC{rcuk-on-gtr,
author = {{Research Councils United Kingdom}},
title = {{Gateway to Research}},
howpublished={\url{http://www.rcuk.ac.uk/research/Pages/gtr.aspx}},
note={Accessed April 2013},
annote={A description of the Gateway to Research project by its parent organisation, Research Councils UK.}
}

@MISC{jisc-rebrand,
author = {{Jisc}},
title = {{Our history : JISC}},
howpublished={\url{http://www.jisc.ac.uk/}},
note={Accessed April 2013},
annote={History page of Jisc. JISC have rebranded as Jisc.}
}

@MISC{rolls-royce,
author = {{Rolls-Royce plc}},
title = {{Research - Rolls-Royce}},
howpublished={\url{http://www.rolls-royce.com/about/technology/research_programmes/}},
note={Accessed April 2013},
annote={Rolls-Royce is a commercial company which sports extensive R\&D. This page details Research Programmes in a wide variety of (technical and scientific) sectors.}
}

@MISC{devxs,
author = {{Team DevXS; hello@devxs.org . University of Lincoln, Student as a Producer project.}},
title = {{DevXS Conference}},
howpublished={\url{http://devxs.org}},
note={Accessed April 2013},
annote={DevXS was a national student developer conference running from 11th to 13th November 2011 at the University of Lincoln.}
}

@MISC{bibserver,
author = {{Open Knowledge Foundation}},
title = {{BibServer}},
howpublished={\url{http://bibserver.org/}},
note={Accessed April 2013},
annote={Home page of the BibServer project. BibServer is an open-source RESTful bibliographic data server. BibServer makes it easy to create and manage collections of bibliographic records such as reading lists, publication lists and even complete library catalogs.}
}

@MISC{bibserver-src,
author = {{Open Knowledge Foundation}},
title = {{BibServer at GitHub}},
howpublished={\url{https://github.com/okfn/bibserver}},
note={Accessed April 2013},
annote={This is the source code of the BibServer \cite{bibserver} project.}
}

@MISC{pep8,
author = {{Guido van Rossum <guido at python.org>, Barry Warsaw <barry at python.org>}},
title = {{PEP 8: Style Guide for Python Code}},
howpublished={\url{http://www.python.org/dev/peps/pep-0008/}},
note={Accessed April 2013},
annote={Several sections of the Python style Guide are cited. The topics of readability and naming code organisation units are of particular interest since they influence the design, implementation and naming of design elements in the software.}
}

@MISC{es-dateformats,
author = {{Elasticsearch Global BV}},
title = {{elasticsearch guide / date format}},
howpublished={\url{http://www.elasticsearch.org/guide/reference/mapping/date-format/}},
note={Accessed April 2013},
annote={Discusses possible values in date formats in elasticsearch dynamic and custom mappings. Has an exhaustive list of pre-defined date formats which elasticsearch will recognise.}
}

@MISC{es-uid-field,
author = {{Elasticsearch Global BV}},
title = {{elasticsearch guide / uid field}},
howpublished={\url{http://www.elasticsearch.org/guide/reference/mapping/uid-field/}},
note={Accessed April 2013},
annote={Discusses internal unique identifiers (uid) in elasticsearch and the uniqueness characteristics of id fields in documents (which is why it is cited).}
}

@MISC{primo,
author = {{Ex Libris Ltd.}},
title = {{ExLibris Primo - A New User Experience}},
howpublished={\url{http://www.exlibrisgroup.com/category/PrimoUserExperience}},
note={Accessed April 2013},
annote={Describes the expected user experience that users of this library catalogue system might have. In particular, presents faceted search (called faceted navigation) as a big advantage when searching through a lot of data.}
}

@MISC{feedparser-ominous,
author = {{Various authors - an open-source project}},
title = {{Feedparser Documentation / Parsing a feed from a string}},
howpublished={\url{http://pythonhosted.org/feedparser/introduction.html#parsing-a-feed-from-a-string}},
note={Accessed April 2013},
annote={Gives a code example in Python on how to parse an RSS (or other e.g. Atom) feed using the feedparser Python library. The note specifying that the return value types could vary is of particular interest.}
}

@MISC{cc-by-3,
author = {{Creative Commons}},
title = {{Creative Commons Attribution 3.0 Unported (CC BY 3.0)}},
howpublished={\url{http://creativecommons.org/licenses/by/3.0/}},
note={Accessed April 2013},
annote={Readable (i.e. not legalese) explanation of the Creative Commons Attribution license version 3.0 Unported, with links to the legal text.}
}

@MISC{fundfind-src,
author = {{Emanuil Tolev}},
title = {{fundfind at GitHub}},
howpublished={\url{https://github.com/emanuil-tolev/fundfind}},
note={Accessed April 2013},
annote={Source code repository for FundFind, the main software output of this project.}
}

@MISC{fundingharvest-src,
author = {{Emanuil Tolev}},
title = {{fundingharvest at GitHub}},
howpublished={\url{https://github.com/emanuil-tolev/fundingharvest}},
note={Accessed April 2013},
annote={Source code repository for Funding Harvest, the secondary software output of this project.}
}

@MISC{iframe-evil,
author = {{Various}},
title = {{Why developers hate iframes?}},
howpublished={\url{http://stackoverflow.com/a/1081330/1154882}},
note={Accessed April 2013},
annote={A discussion on why the iframe element is considered extremely bad practice in web development.}
}

@MISC{cronyism1,
author = {{Nature Publishing Group (Editorial)}},
title = {{Banish cronyism}},
howpublished={\url{http://www.nature.com/news/banish-cronyism-1.11642}},
note={Accessed April 2013},
annote={An editorial describing a recent scandal with cancer research funds in Texas and allegations of cronyism in science.}
}

@MISC{gtr,
author = {{Research Councils United Kingdom}},
title = {{Gateway to Research}},
howpublished={\url{http://gtr.rcuk.ac.uk/}},
note={Accessed April 2013},
annote={The home page of the Gateway to Research project.}
}

@MISC{progress-report,
author = {{Emanuil Tolev}},
title = {{Progress Report - FundFind}},
month = Nov,
year = {2012},
annote = {Progress report on this project.}
}

@MISC{nomenklatura,
author = {{Open Knowledge Foundation}},
title = {{Let's link! - nomenklatura}},
howpublished={\url{http://nomenklatura.pudo.org/}},
note={Accessed April 2013},
annote={The home page of the nomenklatura project, a web applicatoin for making mappings of variant names to a canonical form (e.g. Prifysgol Aberystwyth University might be the canonical form of the University of Aberystwyth variant).}
}

@MISC{offenesparlament,
author = {{Open Knowledge Foundation Deutschland e.V.}},
title = {{Was passiert in Bundestag und Bundesrat? - OffenesParlament}},
howpublished={\url{http://offenesparlament.de/}},
note={Accessed April 2013},
annote={The home page of the Offenes Parlament project, a German parliament legislative process tracker.}
}

@MISC{pybossa,
author = {{Open Knowledge Foundation}},
title = {{PyBossa}},
howpublished={\url{https://github.com/PyBossa/pybossa}},
note={Accessed April 2013},
annote={The home page of the pybossa project, a web application which enables crowdsourcing tasks which require human intervention to be executed. An instance of this application powers http://crowdcrafting.org/.}
}

@MISC{activityapi,
author = {{Open Knowledge Foundation}},
title = {{OKFN Activity API}},
howpublished={\url{https://github.com/okfn/activityapi}},
note={Accessed April 2013},
annote={The GitHub versioning system page of the activityapi project, an application whose main purpose it to provide an API which aggregates online activity of the Open Knowledge Foundation (e.g. tweets, blog posts).}
}

@MISC{leaps,
author = {{Cottage Labs LLP}},
title = {{LEAPS}},
howpublished={\url{https://github.com/CottageLabs/leaps}},
note={Accessed April 2013},
annote={The GitHub versioning system page of the Lothians Equal Access Programme for Schools (LEAPS) online questionnaire management software.}
}

@MISC{portality,
author = {{Cottage Labs LLP}},
title = {{portality}},
howpublished={\url{https://github.com/CottageLabs/portality}},
note={Accessed April 2013},
annote={The GitHub versioning system page of portality - All the basics for starting a portal frontend. Essentially an attempt to make the back-end of IDFind, FundFind and many other Cottage Labs projects much more reusable and encapsulate best practice while doing so.}
}


@MISC{artemis,
author = {{Cottage Labs LLP}},
title = {{artemis}},
howpublished={\url{https://github.com/CottageLabs/artemis}},
note={Accessed April 2013},
annote={The GitHub versioning system page of artemis - a parts management system for a commercial company.}
}

@MISC{cl-web-code,
author = {{Cottage Labs LLP}},
title = {{Cottage Labs website code}},
howpublished={\url{https://github.com/CottageLabs/cl}},
note={Accessed April 2013},
annote={The GitHub versioning system page of cl - the source code of www.cottagelabs.com .}
}

@MISC{xcri,
author = {{Cottage Labs LLP}},
title = {{XCRI demonstrator project code}},
howpublished={\url{https://github.com/CottageLabs/xcri}},
note={Accessed April 2013},
annote={The GitHub versioning system page of xcri - the source code of an application which consumes XCRI-CAP course feeds, for the JISC XCRI-CAP course feeds demonstrator project. (XCRI-CAP is a way of describing course data for education, including Higher Education. The idea is to have the data in a machine-frienly form besides the institution's web pages.)}
}

@MISC{negotiator,
author = {{Richard Jones}},
title = {{negotiator 1.0.0}},
howpublished={\url{https://pypi.python.org/pypi/negotiator}},
note={Accessed April 2013},
annote={The Python Package Index page of a Python framework for making content negotiation decisions based on the HTTP accept headers.)}
}

@MISC{advantages-apis,
author = {{Jisc}},
title = {{The Advantages of API-s}},
howpublished={\url{http://www.jisc.ac.uk/publications/reports/2012/advantages-of-api.aspx}},
month=Dec,
year={2012},
note={Accessed April 2013},
annote={A Jisc report on the advantages of Application Programming Interfaces.}
}

@MISC{python-doc-modules,
author = {{Python Software Foundation}},
title = {{Modules in Python}},
howpublished={\url{http://docs.python.org/2/tutorial/modules.html}},
note={Accessed April 2013},
annote={A section of the Python documentation dedicated to Python modules as a way of organising code in Python.}
}

@MISC{oag-api,
author = {{Public Library of Science and Cottage Labs LLP}},
title = {{OpenArticleGauge API Documentation}},
howpublished={\url{http://oag.cottagelabs.com/developers/api}},
note={Accessed April 2013},
annote={The API documentation of the OpenArticleGauge project, part of the HowOpenIsIt suite, developed by the noted authors.}
}

@MISC{flask-foreword,
author = {{Various authors - an open-source project}},
title = {{Flask Documentation Foreword}},
howpublished={\url{http://flask.pocoo.org/docs/foreword/}},
note={Accessed April 2013},
annote={A part of the Flask documentation which is supposed to be read before one gets started with Flask. Strives to answer some questions about the purpose and goals of the project, and when it should or should not be used it.}
}

@MISC{esrc-rss,
author = {{Economic and Social Research Council}},
title = {{ESRC RSS feeds}},
howpublished={\url{http://www.esrc.ac.uk/rss-feeds.aspx}},
note={Accessed April 2013},
annote={A page on the ESRC's website which describes the varius RSS feeds and the ability to create custom ones (essentially creating an API of sorts).}
}

@MISC{epsrc-example,
author = {{Engineering and Physical Sciences Research Council}},
title = {{A step towards an intelligent information infrastructure}},
howpublished={\url{http://www.epsrc.ac.uk/funding/calls/open/Pages/intelligentinformationinfrastructure.aspx}},
note={Accessed April 2013},
annote={An example of an open funding call considered when thinking of what values describe a funding opportunity for the crowdsourcing pages. (Note: it will become an Archived or Closed call at some point, but the fields and their values should still be clear).}
}

@MISC{wellcome-example,
author = {{Wellcome Trust}},
title = {{Biomedical resource and technology development grants}},
howpublished={\url{http://www.wellcome.ac.uk/Funding/Biomedical-science/Funding-schemes/Strategic-awards-and-initiatives/WTDV031727.htm}},
note={Accessed April 2013},
annote={An example of a funding opportunity by the Wellcome Trust considered when thinking of what values describe a funding opportunity for the crowdsourcing pages.}
}

@MISC{jquery-ui,
author = {{The jQuery Foundation}},
title = {{jQuery UI}},
howpublished={\url{http://jqueryui.com/}},
note={Accessed April 2013},
annote={The home page of the jQuery UI Javascript/CSS library. Note: this is a separate project from jQuery itself.}
}

@MISC{jinja2,
author = {{Armin Ronacher}},
title = {{Welcome to Jinja2}},
howpublished={\url{http://jinja.pocoo.org/docs/}},
note={Accessed April 2013},
annote={The welcome page of the Jinja templating engine, a templating language for Python which comes bundled with the Flask web framework.}
}

@MISC{wtforms,
author = {{WTForms Team}},
title = {{WTForms Documentation}},
howpublished={\url{http://wtforms.simplecodes.com/docs/1.0.3/}},
note={Accessed April 2013},
annote={The main page of the WTForms project which tries to automate certain common tasks when generating HTML submission forms for the web.}
}

@MISC{flask-login,
author = {{Various authors - an open-source project}},
title = {{Flask-Login}},
howpublished={\url{https://flask-login.readthedocs.org/en/latest/}},
note={Accessed April 2013},
annote={The home page of the Flask-Login extension for Flask, which helps with common operations needed to authenticate users. Does not help with creating profiles, i.e. registering users.}
}

@MISC{feedparser,
author = {{Kurt McKee, Mark Pilgrim}},
title = {{feedparser 5.1.3}},
howpublished={\url{https://pypi.python.org/pypi/feedparser/}},
note={Accessed April 2013},
annote={The Python Package Index page of feedparser, a Python third-party package which can parse multiple feed formats such as Atom and RSS.}
}

@MISC{multi-mechanize,
author = {{Corey Goldberg}},
title = {{Multi-Mechanize - Performance Test Framework}},
howpublished={\url{http://testutils.org/multi-mechanize/}},
note={Accessed April 2013},
annote={The home page of multi-mechanize, a performance (stress) testing framework written in Python.}
}

@MISC{mobiletestme,
author = {{Vangelis Bibakis}},
title = {{MobileTest.me - Test your mobile sites and web applications right from your browser}},
howpublished={\url{http://mobiletest.me/}},
note={Accessed April 2013},
annote={A web application which allows testing of other web applications' mobile user interfaces.}
}

@MISC{graphview,
author = {{Mark MacGillivray}},
title = {{Gateway to Research data visualised using graphview}},
howpublished={\url{http://test.cottagelabs.com/gtr/graphview/}},
note={Accessed April 2013},
annote={An example of the graphview javascript library running, trying to visualise data from the Gateway to Research project. Unfortunately, the library is still in its pre-alpha stages and has not been open-sourced yet.}
}

@MISC{oag,
author = {{Public Library of Science and Cottage Labs LLP}},
title = {{OpenArticleGauge}},
howpublished={\url{http://oag.cottagelabs.com/}},
note={Accessed April 2013},
annote={The home page of the OpenArticleGauge project, part of the HowOpenIsIt suite, developed by the noted authors.}
}

@MISC{apache-content-negotiation,
author = {{Apache Software Foundation}},
title = {{Content Negotiation}},
howpublished={\url{http://httpd.apache.org/docs/2.2/content-negotiation.html}},
note={Accessed April 2013},
annote={A page in the Apache Webserver documentation explaining what content negotiation is and how Apache implements is. It is being cited for the clear explanation of the subject.}
}

@MISC{negotiate,
author = {{Public Library of Science and Cottage Labs LLP}},
title = {{negotiate 0.0.1}},
howpublished={\url{https://pypi.python.org/pypi/negotiate}},
note={Accessed April 2013},
annote={The Python Package Index page of a Python package which aims to provide content negotiation functionality to Python web application, and claims to integrate particularly well with Flask.}
}

@MISC{mark,
author = {{Cottage Labs LLP}},
title = {{Mark MacGillivray / Cottage Labs}},
howpublished={\url{http://cottagelabs.com/people/mark}},
note={Accessed April 2013},
annote={A page on the Cottage Labs website describing Mark MacGillivray, one of the partnership's founders.}
}

@MISC{texcount,
author = {{Unknown}},
title = {{TeXCount}},
howpublished={\url{http://app.uio.no/ifi/texcount/}},
note={Accessed April 2013},
annote={A page describing the TeXCount script, a word count script for LaTeX documents. Its ability to produce a wordcount for a document as complex as this is a testament to its flexibility.}
}

@MISC{cc-team,
author = {{Creative Commons}},
title = {{Creative Commons Staff}},
howpublished={\url{http://creativecommons.org/staff}},
note={Accessed April 2013},
annote={A diagram showing the structure and listing the members of the Creative Commons team.}
}

@MISC{rufus,
author = {{Rufus Pollock}},
title = {{Rufus Pollock / About}},
howpublished={\url{http://rufuspollock.org/about/}},
note={Accessed April 2013},
annote={A page describing Rufus Pollock, the Founder of the Open Knowledge Foundation. The page is from his personal website.}
}

@MISC{rms,
author = {{Richard Stallman}},
title = {{Richard Stallman / A Serious Bio}},
howpublished={\url{http://stallman.org/#serious}},
note={Accessed April 2013},
annote={A section of Richard Stallman's home page, the Founder of the Free Software Foundation. The page is from his personal website.}
}

@MISC{pyes,
author = {{Unknown}},
title = {{pyes}},
howpublished={\url{https://github.com/aparo/pyes}},
note={Accessed April 2013},
annote={The GitHub source control system page of pyes, a Python connector for the elasticsearch datastore. The author's real name is unknown, although their GitHub handle / nickname is aparo.}
}